@BOOK{
MALWAREBOOK,
TITLE = "Malware Analysts's Cookbook and DVD: Tools and Techiques for Fighting Malicious Code",
AUTHOR = {Michael Hale Ligh and Steven Adair and Blake Hartstein and Matthew Richard},
PUBLISHER = "Wiley Publishing, Inc., Indianapolis, Indiana",
YEAR = "2011"
}
@BOOK{
REVERSING,
TITLE = "Reversing Secrets of Reverse Engineering",
AUTHOR = "Eldad Eilam",
PUBLISHER = "Wiley Publishing, Inc., Indianapolis, Indiana",
YEAR = "2005",
note = "Chapter 8: Reversing Malware"
}
@BOOK{
MALWAREANALYSIS,
TITLE = "Practical Malware Analysis. The Hands-On Guide to Dissecting Malicious Software",
AUTHOR = {Michael Sikorski and Andrew Honing},
PUBLISHER = "No Starch Press, Inc., William Pollock",
YEAR = "2012",
note = "Chapter 17: Anti-Virtual Machine Techniques"
}
@ARTICLE {VMMYTHS,
    author  = {Tal Garfinke and  Keith Adams and Andrew Warfield and Jason Franklin},
    title   = "Compatibility is not transparency: VMM detection myths and realities",
    journal = "HOTOS'07 Proceedings of the 11th USENIX workshop on Hot topics in operating systems",
    year    = "2007"
}
@ARTICLE {MASSMALWARE,
    author  = "Christian Wojner",
    title   = "Mass Malware Analysis: A Do-It-Yourself Kit",
    journal = "www.cert.at",
    year    = "2009"
}